<record xmlns="http://www.loc.gov/MARC21/slim" xmlns:xsi="http://www.w3.org/2001/XMLSchema-instance" xsi:schemaLocation="http://www.loc.gov/MARC21/slim http://www.loc.gov/standards/marcxml/schema/MARC21slim.xsd">

  <leader>00569nam a2200193Ia 4500</leader>
  <controlfield tag="008">150720b1995    us ||||| |||| 00| | eng d</controlfield>
  <datafield tag="020" ind2=" " ind1=" ">
    <subfield code="a">0873674812</subfield>
  </datafield>
  <datafield tag="090" ind2=" " ind1=" ">
    <subfield code="a">06.02.01 </subfield>
    <subfield code="b">1209</subfield>
  </datafield>
  <datafield ind1="1" tag="100" ind2=" ">
    <subfield code="a">Walling, Donovan R.</subfield>
    <subfield code="9">393</subfield>
  </datafield>
  <datafield ind2="0" tag="245" ind1="1">
    <subfield code="a">At the threshold of the millenium / </subfield>
    <subfield code="c">Donovan R. Walling</subfield>
  </datafield>
  <datafield ind1=" " ind2=" " tag="260">
    <subfield code="a">Indiana : </subfield>
    <subfield code="b">Phi Delta Kappa Educational Foundation, </subfield>
    <subfield code="c">1995</subfield>
  </datafield>
  <datafield tag="300" ind2=" " ind1=" ">
    <subfield code="a">115 páginas</subfield>
  </datafield>
  <datafield ind1=" " ind2=" " tag="500">
    <subfield code="a">Material en idioma inglés</subfield>
  </datafield>
  <datafield ind1=" " tag="650" ind2="0">
    <subfield code="a">EDUCACIÓN PÚBLICA </subfield>
    <subfield code="9">394</subfield>
  </datafield>
  <datafield ind1=" " tag="650" ind2=" ">
    <subfield code="a">APRENDIZAJE </subfield>
  </datafield>
  <datafield tag="650" ind2=" " ind1=" ">
    <subfield code="a">ENSAYOS </subfield>
  </datafield>
  <datafield tag="650" ind2=" " ind1=" ">
    <subfield code="a">ROL DOCENTE </subfield>
  </datafield>
  <datafield ind2=" " tag="942" ind1=" ">
    <subfield code="2">z</subfield>
    <subfield code="c">01</subfield>
  </datafield>
  <datafield ind1=" " ind2=" " tag="999">
    <subfield code="c">59</subfield>
    <subfield code="d">59</subfield>
  </datafield>
</record>